<?xml version="1.0" encoding="UTF-8"?><collection xmlns="http://www.loc.gov/MARC21/slim"><record><leader>00590nam--2200193-u-4500</leader><controlfield tag="001">000054864</controlfield><controlfield tag="002">20161230</controlfield><controlfield tag="005">20170116143454</controlfield><controlfield tag="008">120622s1000------------r-----000-0-rum-d</controlfield><datafield ind1=" " ind2=" " tag="040"><subfield code="a">IFIN-HH</subfield></datafield><datafield ind1=" " ind2=" " tag="041"><subfield code="a">rum</subfield></datafield><datafield ind1=" " ind2=" " tag="080"><subfield code="a">539.17(043)</subfield></datafield><datafield ind1="1" ind2=" " tag="100"><subfield code="a">Grama, Cornelia</subfield></datafield><datafield ind1="1" ind2="0" tag="245"><subfield code="a">Informatii spectroscopice obtinute cu ajutorul reactiilor de transfer. Stari legate si stari rezonante</subfield><subfield code="b">Teza</subfield><subfield code="c">Cornelia Grama</subfield></datafield><datafield ind1=" " ind2=" " tag="260"><subfield code="a">Bucuresti</subfield><subfield code="b">CSEN</subfield><subfield code="c">1984</subfield></datafield><datafield ind1=" " ind2=" " tag="300"><subfield code="a">149P. + ANEXE</subfield></datafield><datafield ind1=" " ind2=" " tag="502"><subfield code="a">Conducator Stiintific: Prof.Dr. M. Petrascu</subfield></datafield><datafield ind1=" " ind2=" " tag="852"><subfield code="a">72081</subfield><subfield code="c">539.17</subfield></datafield><datafield ind1=" " ind2=" " tag="CAT"><subfield code="a">SYS</subfield><subfield code="c">20170116</subfield><subfield code="h">143454</subfield></datafield></record></collection>